<?xml version="1.0" encoding="UTF-8"?><collection xmlns="http://www.loc.gov/MARC21/slim"><record><leader>00408nam--2200145-i-4500</leader><controlfield tag="001">000044807</controlfield><controlfield tag="002">20161230</controlfield><controlfield tag="005">20170116010047</controlfield><controlfield tag="008">060222s1000------------r-----000-0-eng-d</controlfield><datafield ind1=" " ind2=" " tag="080"><subfield code="a">338.04:62</subfield></datafield><datafield ind1=" " ind2=" " tag="245"><subfield code="a">Tipizarea si standardizarea in consstructia de masini</subfield></datafield><datafield ind1=" " ind2=" " tag="260"><subfield code="a">Bucuresti</subfield><subfield code="b">M.I.C.M., Oficiul De Docum.Si Publ.Tehnice</subfield><subfield code="c">1972</subfield></datafield><datafield ind1=" " ind2=" " tag="300"><subfield code="a">130, 168 p</subfield></datafield><datafield ind1=" " ind2=" " tag="852"><subfield code="a">37024</subfield></datafield><datafield ind1=" " ind2=" " tag="CAT"><subfield code="a">SYS</subfield><subfield code="c">20170116</subfield><subfield code="h">010047</subfield></datafield></record></collection>